@incollection{polymake,
  author =       {Ewgenij Gawrilow and Michael Joswig},
  title =        {polymake: a Framework for Analyzing Convex Polytopes},
  pages =        {43-74},
  editor =       {Gil Kalai and G\"unter M. Ziegler},
  booktitle =    {Polytopes --- Combinatorics and Computation},
  publisher =    {Birkh\"auser},
  year =         {2000}
}
@article{SubhashKhot2006,
author = {Subhash  Khot},
title = {Ruling Out PTAS for Graph Min-Bisection, Dense k-Subgraph, and Bipartite Clique},
journal = {SIAM Journal on Computing},
volume = {36},
number = {4},
pages = {1025-1071},
year = {2006},
doi = {10.1137/S0097539705447037},
URL = { 
        http://dx.doi.org/10.1137/S0097539705447037
},
eprint = { 
        http://dx.doi.org/10.1137/S0097539705447037   
}
}
@incollection{Vinterbo2007,
author="Vinterbo, Staal A.",
editor="Dehne, Frank
and Sack, J{\"o}rg-R{\"u}diger
and Zeh, Norbert",
title="A Stab at Approximating Minimum Subadditive Join",
bookTitle="Algorithms and Data Structures: 10th International Workshop, WADS 2007, Halifax, Canada, August 15-17, 2007. Proceedings",
year="2007",
publisher="Springer Berlin Heidelberg",
address="Berlin, Heidelberg",
pages="214--225",
isbn="978-3-540-73951-7",
doi="10.1007/978-3-540-73951-7_19",
url="http://dx.doi.org/10.1007/978-3-540-73951-7_19"
}
@article{SvitkinaFleischer2011,
 author = {Svitkina, Zoya and Fleischer, Lisa},
 title = {Submodular Approximation: Sampling-based Algorithms and Lower Bounds},
 journal = {SIAM J. Comput.},
 issue_date = {November 2011},
 volume = {40},
 number = {6},
 month = dec,
 year = {2011},
 issn = {0097-5397},
 pages = {1715--1737},
 numpages = {23},
 url = {http://dx.doi.org/10.1137/100783352},
 doi = {10.1137/100783352},
 acmid = {2340445},
 publisher = {Society for Industrial and Applied Mathematics},
 address = {Philadelphia, PA, USA},
 keywords = {approximation algorithms, information-theoretic lower bounds, submodular functions},
}
@article{nemhauser1988integer,
  title={Integer programming and combinatorial optimization},
  author={Nemhauser, George L and Wolsey, Laurence A},
  journal={Wiley, Chichester. GL Nemhauser, MWP Savelsbergh, GS Sigismondi (1992). Constraint Classification for Mixed Integer Programming Formulations. COAL Bulletin},
  volume={20},
  pages={8--12},
  year={1988},
  publisher={Springer}
}
@article{gribanov2013integer,
  title={On integer program with bounded minors and flatness theorem},
  author={Gribanov, DV},
  year={2013},
  journal={arXiv}
}
@article{gribanov2015integer,
  title={On integer programing with bounded determinants},
  author={Gribanov, Dmitry and Veselov, Sergey},
  journal={arXiv preprint arXiv:1505.03132},
  year={2015}
}
@phdthesis{kotnyek2002generalization,
  title={A generalization of totally unimodular and network matrices.},
  author={Kotnyek, Balazs},
  year={2002},
  school={London School of Economics and Political Science (United Kingdom)}
}